<?xml version="1.0" encoding="UTF-8"?>
<collection xmlns:xsi="http://www.w3.org/2001/XMLSchema-instance" xsi:schemaLocation="http://www.loc.gov/MARC21/slim http://www.loc.gov/standards/marcxml/schema/MARC21slim.xsd" xmlns="http://www.loc.gov/MARC21/slim">
<record>
  <leader>00570cam a2200181 u 4500</leader>
  <controlfield tag="001">647937</controlfield>
  <controlfield tag="003">NNC</controlfield>
  <controlfield tag="005">20100307233225.0</controlfield>
  <controlfield tag="008">880510s1957    ir ||||||||| |||||||ara |</controlfield>
  <datafield tag="035" ind1=" " ind2=" ">
    <subfield code="a">(OCoLC)60601323</subfield>
  </datafield>
  <datafield tag="035" ind1=" " ind2=" ">
    <subfield code="a">(OCoLC)ocm60601323</subfield>
  </datafield>
  <datafield tag="035" ind1=" " ind2=" ">
    <subfield code="a">(CStRLIN)NYCG88-B33512</subfield>
  </datafield>
  <datafield tag="035" ind1=" " ind2=" ">
    <subfield code="9">ACV5036CU</subfield>
  </datafield>
  <datafield tag="035" ind1=" " ind2=" ">
    <subfield code="a">(NNC)647937</subfield>
  </datafield>
  <datafield tag="100" ind1=" " ind2=" ">
    <subfield code="a">Ibn Bābawayh, Muḥammad ibn ʻAlī,</subfield>
    <subfield code="d">d. 991 or 2.</subfield>
  </datafield>
  <datafield tag="245" ind1="1" ind2="3">
    <subfield code="a">al-Muqniʻ wa-al-hidayah.</subfield>
  </datafield>
  <datafield tag="260" ind1=" " ind2=" ">
    <subfield code="a">Qum :</subfield>
    <subfield code="b">Muʾassasat al-Matbuʻat al-Diniyah ;</subfield>
    <subfield code="a">Tehran :</subfield>
    <subfield code="b">al-Maktabah al-Islamiyah,</subfield>
    <subfield code="c">1377h [1957]</subfield>
  </datafield>
  <datafield tag="300" ind1=" " ind2=" ">
    <subfield code="a">26, 197, 87, 16, 31 p.</subfield>
  </datafield>
  <datafield tag="955" ind1=" " ind2=" ">
    <subfield code="b">CU59576227</subfield>
    <subfield code="d">off,glx</subfield>
    <subfield code="e">ME06621</subfield>
  </datafield>
</record>
</collection>